@article{cancerStatistics2011,
	Author = {Jemal, Ahmedin and others},
	Journal = {CA: A Cancer Journal for Clinicians},
	Publisher = {Wiley Subscription Services, Inc., A Wiley Company},
	Title = {Global cancer statistics},
	Volume = {61},
	Year = {2011}
}

@article{manning2005perception,
	Author = {Manning, DJ and Gale, A and Krupinski, EA},
	Journal = {British journal of radiology},
	Number = {932},
	Pages = {683--685},
	Publisher = {Br Inst Radiology},
	Title = {Perception research in medical imaging},
	Volume = {78},
	Year = {2005}
}

@article{giger2008anniversary,
	Author = {Giger, Maryellen L and Chan, Heang-Ping and Boone, John},
	Journal = {Medical physics},
	Number = {12},
	Pages = {5799},
	Publisher = {American Association of Physicists in Medicine},
	Title = {Anniversary paper: {H}istory and status of {CAD} and quantitative image analysis: the role of Medical Physics and {AAPM}},
	Volume = {35},
	Year = {2008}
}

@article{smith2003american,
	Author = {Smith, Robert A and others},
	Journal = {CA: a cancer journal for clinicians},
	Number = {3},
	Pages = {141--169},
	Publisher = {Wiley Online Library},
	Title = {American Cancer Society guidelines for breast cancer screening: update 2003},
	Volume = {53},
	Year = {2003}
}

@article{Stavros:1995p12392,
	Author = {A. Thomas Stavros and D Thickman and C L Rapp and M A Dennis and S H Parker and G A Sisney},
	Journal = {Radiology},
	Number = {1},
	Pages = {123--34},
	Title = {Solid breast nodules: {U}se of sonography to distinguish between benign and malignant lesions},
	Volume = {196},
	Year = {1995}
}


@book{biradsus,
	Author = {Mendelson, EB and Baum, JK and Berg WA and others},
	Date-Added = {2013-04-29 12:45:18 +0200},
	Date-Modified = {2013-04-29 12:47:10 +0200},
	Publisher = {American College of Radiology},
	Title = {{BI-RADS}: {U}ltrasound, 1st edition in: {D'Orsi CJ, Mendelson EB, Ikeda DM, et al: Breast Imaging Reporting and Data System: ACR BIRADS} -- Breast Imaging Atlas},
	Year = {2003}
}

%% SEGMENTATION METHODS

@article{Angelova:2010p14355,
  title={Contour segmentation in 2D ultrasound medical images with particle filtering},
  author={Angelova, Donka and Mihaylova, Lyudmila},
  journal={Machine Vision and Applications},
  volume={22},
  number={3},
  pages={551--561},
  year={2011},
  publisher={Springer}
}

@article{Horsch:2001p6028,
  Author = {Karla Horsch and Maryellen L Giger and L Venta and C Vyborny},
  Journal = {Medical Physics},
  Title = {Automatic segmentation of breast lesions on ultrasound},
  Year = {2001}
}

@article{massich2010lesion,
  Author = {Massich, Joan and Meriaudeau, Fabrice and P{\'e}rez, Elsa and Mart{\'\i}, Robert and Oliver, Arnau and Mart{\'\i}, Joan},
  Journal = {Digital Mammography},
  Pages = {39--45},
  Publisher = {Springer},
  Title = {Lesion segmentation in breast sonography},
  Year = {2010}
}

@article{Gomez:2010p14339,
  Author = {W G{\'o}mez and L Leija and A. V Alvarenga and A. F. C Infantosi and W. C. A Pereira},
  Journal = {Medical Physics},
  Number = {1},
  Pages = {82},
  Title = {Computerized lesion segmentation of breast ultrasound based on marker-controlled watershed transformation},
  Volume = {37},
  Year = {2010}
}

@article{Xiao:2002p5639,
  Author = {G Xiao and M Brady and J. Alison Noble and Y Zhang},
  Journal = {IEEE Transactions on medical imaging},
  Number = {1},
  Pages = {48--57},
  Title = {Segmentation of ultrasound {B}-mode images with intensityinhomogeneity correction},
  Volume = {21},
  Year = {2002}
}

@article{gerard2013,
  title={Evaluating Lesion Segmentation in Breast Ultrasound Images Related to Lesion Typology},
  author={Pons, Gerard and Mart\'{i}, Joan and Mart\'{i}, Robert and Ganau, Sergi and Vilanova, J.C. and Noble, J.Alison},
  journal={Journal of Ultrasound in Medicine},
  year={2013},
  publisher={AIUM}
}


@inproceedings{chiang2010cell,
  title={Cell-based graph cut for segmentation of {2D/3D} sonographic breast images},
  author={Chiang, Hsin-Hung and Cheng, Jie-Zhi and Hung, Pei-Kai and Liu, Chun-You and Chung, Cheng-Hong and Chen, Chung-Ming},
  booktitle={Biomedical Imaging: {F}rom Nano to Macro, 2010 IEEE International Symposium on},
  pages={177--180},
  year={2010},
  organization={IEEE}
}


@article{AlemanFlores:2007p14310,
  Author = {Miguel Alem{\'a}n-Flores and Luis {\'A}lvarez and Vicent Caselles},
  Journal = {J Math Imaging Vis},
  Number = {1},
  Pages = {81--97},
  Title = {Texture-Oriented Anisotropic Filtering and Geodesic Active Contours in Breast Tumor Ultrasound Segmentation},
  Volume = {28},
  Year = {2007}
}

@article{Cui:2009p14325,
  Author = {Jing Cui and Berkman Sahiner and Heang-Ping Chan and Alexis Nees and Chintana Paramagul and Lubomir M Hadjiiski and Chuan Zhou and Jiazheng Shi},
  Journal = {Medical Physics},
  Number = {5},
  Pages = {1553},
  Title = {A new automated method for the segmentation and characterization of breast masses on ultrasound images},
  Volume = {36},
  Year = {2009}
  ,
}

@article{Gao:2012p14336,
  Author = {Liang Gao and Xiaoyun Liu and Wufan Chen},
  Journal = {Journal of Applied Mathematics},
  Pages = {1--22},
  Rating = {0},
  Title = {Phase- and {GVF-B}ased Level Set Segmentation of Ultrasonic Breast Tumors},
  Volume = {2012},
  Year = {2012}
}

@article{Drukker:2002p10442,
  Author = {Karen Drukker and Maryellen L Giger and Karla Horsch and Matthew A Kupinski and Carl J Vyborny and Ellen B Mendelson},
  Journal = {Medical Physics},
  Number = {7},
  Pages = {1438--46},
  Title = {Computerized lesion detection on breast ultrasound},
  Volume = {29},
  Year = {2002}
  ,
}

@article{massich2011seed,
  Author = {Massich, Joan and Meriaudeau, Fabrice and P{\'e}rez, Elsa and Mart{\'\i}, Robert and Oliver, Arnau and Mart{\'\i}, Joan},
  Journal = {{MICCAI} Workshop on Breast Image Analysis},
  Pages = {55--64},
  Title = {Seed selection criteria for breast lesion segmentation in ultra-sound images},
  Year = {2011}
}

@article{massich2012seed,
  Author = {Massich, Joan and Meriaudeau, Fabrice and Sant{\'\i}s, Melci{\'o} and Ganau, Sergi and P{\'e}rez, Elsa and Mart{\'\i}, Robert and Oliver, Arnau and Mart{\'\i}, Joan},
  Journal = {Digital Mammography},
  Pages = {308--315},
  Publisher = {Springer},
  Title = { Automatic seed placement for breast lesion segmentation on {US} images},
  Year = {2012}
}


@article{Madabhushi:2003p6036,
  Author = {A Madabhushi and D Metaxas},
  Journal = {IEEE Transactions on medical imaging},
  Title = {Combining low-, high-level and empirical domain knowledge for automated segmentation of ultrasonic breast lesions},
  Year = {2003}
}

@article{Huang:2007p6100,
  title={Level set contouring for breast tumor in sonography},
  author={Huang, Yu-Len and Jiang, Yu-Ru and Chen, Dar-Ren and Moon, Woo Kyung},
  journal={Journal of digital imaging},
  volume={20},
  number={3},
  pages={238--247},
  year={2007},
  publisher={Springer}
}

@inproceedings{Zhang:2010p14317,
  author = {Zhang, Jingdan and Zhou, Shaohua K. and Brunke, Shelby and Lowery, Carol and Comaniciu, Dorin},
  Title = {Database-Guided Breast Tumor Detection and Segmentation in {2D} Ultrasound Images},
  booktitle={SPIE Medical Imaging},
  volume = {7624},
  pages={762405-762405},
  year={2010},
  organization={International Society for Optics and Photonics}
}

@article{Jiang:2012p14354,
  Author = {Peng Jiang and Jingliang Peng and Guoquan Zang and Erkang Cheng and Vasileios Megalooikonomou and Haibin Ling},
  Pages = {1--4},
  Title = {Learning-Based Automatic Breast Tumor Detection And Segmentation in Ultrasound Images},
  Year = {2012}
}

@article{Shan:2008p10923,
  Author = {Juan Shan and H Cheng and Yuxuan Wang;},
  Journal = {Pattern Recognition, 2008. {ICPR} 2008. 19th International Conference on},
  Pages = {1 -- 4},
  Title = {A novel automatic seed point selection algorithm for breast ultrasound images},
  Year = {2008}
}

@article{Shan:2012p14347,
  Author = {Juan Shan and H D Cheng and Yuxuan Wang},
  Journal = {Ultrasound in Medicine {\&} Biology},
  Number = {2},
  Pages = {262--275},
  Title = {Completely Automated Segmentation Approach for Breast Ultrasound Images Using Multiple-Domain Features},
  Volume = {38},
  Year = {2012}
}

@inproceedings{Huang:2005p11636,
  title={Automatic contouring for breast tumors in {2-D} sonography},
  author={Huang, Yu-Len and Chen, Dar-Ren},
  booktitle={Engineering in Medicine and Biology Society, 2005. {IEEE-EMBS} 2005},
  pages={3225--3228},
  year={2006},
  organization={IEEE}
}

@article{Huang:2012p14313,
  Author = {Qing-Hua Huang and Su-Ying Lee and Long-Zhong Liu and Min-Hua Lu and Lian-Wen Jin and An-Hua Li},
  Journal = {Ultrasonics},
  Number = {2},
  Pages = {266--275},
  Title = {A robust graph-based segmentation method for breast tumors in ultrasound images},
  Volume = {52},
  Year = {2012}
}

@article{Liu:2005p14341,
  Author = {Xu Liu and Zhimin Huo},
  Pages = {1--3},
  Rating = {0},
  Title = {Automated Segmentation of Breast Lesions in Ultrasound Images},
  Year = {2005}
}

@article{felzenszwalb2010object,
  title={Object detection with discriminatively trained part-based models},
  author={Felzenszwalb, Pedro F and Girshick, Ross B and McAllester, David and Ramanan, Deva},
  journal={Pattern Analysis and Machine Intelligence, IEEE Transactions on},
  volume={32},
  number={9},
  pages={1627--1645},
  year={2010},
  publisher={IEEE}
}

@incollection{hao2012combining,
  title={Combining {CRF} and multi-hypothesis detection for accurate lesion segmentation in breast sonograms},
  author={Hao, Zhihui and Wang, Qiang and Seong, Yeong Kyeong and Lee, Jong-Ha and Ren, Haibing and Kim, Ji-yeun},
  booktitle={Medical Image Computing and Computer-Assisted Intervention--MICCAI 2012},
  pages={504--511},
  year={2012},
  publisher={Springer}
}

@article{Huang:2004p2092,
  Author = {Yu-Len Huang and Dar-Ren Chen},
  Journal = {Ultrasound in Medicine {\&} Biology},
  Number = {5},
  Pages = {625--32},
  Title = {Watershed segmentation for breast tumor in {2-D} sonography},
  Volume = {30},
  Year = {2004}
}

@article{Liu:2010p12036,
  Author = {B Liu and H Cheng and J Huang and J Tian and X Tang and J Liu},
  Journal = {Pattern Recognition},
  Title = {Fully automatic and segmentation-robust classification of breast tumors based on local texture analysis of ultrasound images},
  Year = {2010}
}

@article{Liu:2010p14328,
  Author = {Bo Liu and H D Cheng and Jianhua Huang and Jiawei Tian and Xianglong Tang and Jiafeng Liu},
  Journal = {Pattern Recognition},
  Title = {Probability density difference-based active contour for ultrasound image segmentation},
  Year = {2010}
}

@article{Yeh:2009p11985,
  Author = {C Yeh and Y Chen and W Fan and Y Liao},
  Journal = {Pattern Recognition},
  Title = {A disk expansion segmentation method for ultrasonic breast lesions},
  Year = {2009}
}

@book{bird2009natural,
  title={Natural language processing with Python},
  author={Bird, Steven and Klein, Ewan and Loper, Edward},
  year={2009},
  publisher={" O'Reilly Media, Inc."}
}

/* Segmentation stuff */

@article{unnikrishnan2007toward,
  title={Toward objective evaluation of image segmentation algorithms},
  author={Unnikrishnan, Ranjith and Pantofaru, Caroline and Hebert, Martial},
  journal={Pattern Analysis and Machine Intelligence, IEEE Transactions on},
  volume={29},
  number={6},
  pages={929--944},
  year={2007},
  publisher={IEEE}
}

@book{szeliski2010computer,
  title={Computer vision: algorithms and applications},
  author={Szeliski, Richard},
  year={2010},
  publisher={Springer Science \& Business Media}
}

@article{pham2000current,
  title={Current methods in medical image segmentation 1},
  author={Pham, Dzung L and Xu, Chenyang and Prince, Jerry L},
  journal={Annual review of biomedical engineering},
  volume={2},
  number={1},
  pages={315--337},
  year={2000},
  publisher={Annual Reviews}
}

@article{pal1993review,
  title={A review on image segmentation techniques},
  author={Pal, Nikhil R and Pal, Sankar K},
  journal={Pattern recognition},
  volume={26},
  number={9},
  pages={1277--1294},
  year={1993},
  publisher={Pergamon}
}

@article{olabarriaga2001interaction,
  title={Interaction in the segmentation of medical images: A survey},
  author={Olabarriaga, S{\'\i}lvia Delgado and Smeulders, Arnold WM},
  journal={Medical image analysis},
  volume={5},
  number={2},
  pages={127--142},
  year={2001},
  publisher={Elsevier}
}

@inproceedings{haralick1985image,
  title={Image segmentation techniques},
  author={Haralick, Robert M and Shapiro, Linda G},
  booktitle={1985 Technical Symposium East},
  pages={2--9},
  year={1985},
  organization={International Society for Optics and Photonics}
}

@article{duncan2000medical,
  title={Medical image analysis: Progress over two decades and the challenges ahead},
  author={Duncan, James S and Ayache, Nicholas},
  journal={Pattern Analysis and Machine Intelligence, IEEE Transactions on},
  volume={22},
  number={1},
  pages={85--106},
  year={2000},
  publisher={IEEE}
}

@article{freixenet2002yet,
  title={Yet another survey on image segmentation: Region and boundary information integration},
  author={Freixenet, Jordi and Mu{\~n}oz, Xavier and Raba, David and Mart{\'\i}, Joan and Cuf{\'\i}, Xavier},
  journal={Computer Vision—ECCV 2002},
  pages={408--422},
  year={2002},
  publisher={Springer Berlin Heidelberg}
}

@article{arbelaez2011contour,
  title={Contour detection and hierarchical image segmentation},
  author={Arbelaez, Pablo and Maire, Michael and Fowlkes, Charless and Malik, Jitendra},
  journal={Pattern Analysis and Machine Intelligence, IEEE Transactions on},
  volume={33},
  number={5},
  pages={898--916},
  year={2011},
  publisher={IEEE}
}
